<?xml version="1.0" encoding="UTF-8"?><collection xmlns="http://www.loc.gov/MARC21/slim"><record><leader>00551nam--2200169-i-4500</leader><controlfield tag="001">000012812</controlfield><controlfield tag="002">20161230</controlfield><controlfield tag="005">20161230201030</controlfield><controlfield tag="008">060222s1000------------r-----000-0-fre-d</controlfield><datafield ind1=" " ind2=" " tag="041"><subfield code="a">fre</subfield></datafield><datafield ind1=" " ind2=" " tag="080"><subfield code="a">537.325.5+537.228.5(043)</subfield></datafield><datafield ind1="1" ind2=" " tag="100"><subfield code="a">Diatta, Christian Sina</subfield></datafield><datafield ind1="1" ind2="0" tag="245"><subfield code="a">Etude des profils des raies spectrales de l'atome d'helium elargies et deplacees par effet stark dans les plasmas d'arc</subfield><subfield code="b">These</subfield><subfield code="c">Christian sina diatta</subfield></datafield><datafield ind1=" " ind2=" " tag="260"><subfield code="a">Orleans</subfield><subfield code="b">Universite D'Orleans</subfield></datafield><datafield ind1=" " ind2=" " tag="300"><subfield code="a">272P</subfield></datafield><datafield ind1=" " ind2=" " tag="852"><subfield code="a">46357</subfield><subfield code="c">537:538</subfield></datafield><datafield ind1=" " ind2=" " tag="CAT"><subfield code="a">Sys</subfield><subfield code="c">20110622</subfield><subfield code="h">135548</subfield></datafield></record></collection>